%% This BibTeX bibliography file was created using BibDesk.
%% http://bibdesk.sourceforge.net/


%% Created for Lauro Cesar Araujo at 2013-08-21 10:57:09 -0300 


%% Saved with string encoding Unicode (UTF-8) 

@inproceedings{krejcar2012smart,
  title={Smart Implementation of Text Recognition (OCR) for Smart Mobile Devices},
  author={Krejcar, Ondrej},
  booktitle={INTELLI, The First International Conference on Intelligent Systems and Applications},
  volume={19},
  pages={24},
  year={2012}
}



@electronic{PicPay,
	author = {PicPay},
  	title = {Envie e receba dinheiro pelo smartphone, para qualquer pessoa.},
 	year = 2016,
 	url = {https://www.picpay.com/br/}	
}


@book{brunelli2009front,
  title={Front Matter},
  author={Brunelli, Roberto},
  year={2009},
  publisher={Wiley Online Library}
}

@article{joseEustaquio2006,
  title={Introdu{\c{c}}{\~a}o ao Processamento Digital de Imagens.},
  author={de Queiroz, Jos{\'e} Eust{\'a}quio Rangel and Gomes, Herman Martins},
  journal={RITA},
  volume={13},
  number={2},
  pages={11--42},
  year={2006}
}
@inproceedings{smith2007overview,
  title={An overview of the Tesseract OCR engine},
  author={Smith, Ray},
  booktitle={icdar},
  pages={629--633},
  year={2007},
  organization={IEEE}
}

@techreport{Datta,
  title={Credit Card Processing Using Cell Phone Images},
  author={Datta, Keshay},
  institution  = {Stanford University},
  year={2012},
  month = {July},
  url = {https://stacks.stanford.edu/file/druid:yj296hj2790/Datta_Credit_card_processing_using_cell_phone.pdf},
}


@phdthesis{smith1987extraction,
  title={The Extraction and Recognition of Text from Multimedia Document Images},
  author={Smith, Raymond W},
  year={1987},
  school={University of Bristol}
}

@article{falbo2005engenharia,
  title={Engenharia de Software},
  author={FALBO, Ricardo de Almeida},
  journal={Notas de aula. UFES--Universidade Federal do Esp{\'\i}rito Santo},
  year={2005}
}
